@article{domingos__BayesianAveragingClassifiers,
  title = {Bayesian {{Averaging}} of {{Classifiers}} and the {{Overfitting Problem}}},
  author = {Domingos, Pedro},
  pages = {8},
  language = {en}
}

@article{minka__AutomaticChoiceDimensionality,
  title = {Automatic choice of dimensionality for {{PCA}}},
  author = {Minka, Thomas P},
  pages = {16},
  language = {en}
}



