@book{pearl2016causal,
  title={Causal inference in statistics: A primer},
  author={Pearl, Judea and Glymour, Madelyn and Jewell, Nicholas P},
  year={2016},
  publisher={John Wiley \& Sons}
}
