@article{fan2005working,
  title={Working set selection using second order information for training support vector machines},
  author={Fan, Rong-En and Chen, Pai-Hsuen and Lin, Chih-Jen},
  journal={The Journal of Machine Learning Research},
  volume={6},
  pages={1889--1918},
  year={2005},
}


@incollection{Platt:1999,
 author = {Platt, John C.},
 title = {Fast training of support vector machines using sequential minimal optimization},
 booktitle = {Advances in kernel methods},
 editor = {Sch\"{o}lkopf, Bernhard and Burges, Christopher J. C. and Smola, Alexander J.},
 year = {1999},
 pages = {185--208},
 numpages = {24},
 publisher = {MIT Press},
} 

@inproceedings{ciresan2012multi,
  title={Multi-column deep neural networks for image classification},
  author={Ciresan, Dan and Meier, Ueli and Schmidhuber, J{\"u}rgen},
  booktitle={Computer Vision and Pattern Recognition (CVPR), 2012 IEEE Conference on},
  pages={3642--3649},
  year={2012},
  organization={IEEE}
}


@article{decoste2002training,
  title={Training invariant support vector machines},
  author={Decoste, Dennis and Sch{\"o}lkopf, Bernhard},
  journal={Machine Learning},
  volume={46},
  number={1-3},
  pages={161--190},
  year={2002},
  publisher={Springer}
}


@article{shalev2011pegasos,
  title={Pegasos: Primal estimated sub-gradient solver for {SVM}},
  author={Shalev-Shwartz, Shai and Singer, Yoram and Srebro, Nathan and Cotter, Andrew},
  journal={Mathematical Programming},
  volume={127},
  number={1},
  pages={3--30},
  year={2011},
  publisher={Springer}
}


@ARTICLE{Chow68approximatingdiscrete,
    author = {C. K. Chow and C. N. Liu},
    title = {Approximating discrete probability distributions with dependence trees},
    journal = {IEEE Transactions on Information Theory},
    year = {1968},
    volume = {14},
    pages = {462--467}
}


@article{blei2003latent,
  author={David M. Blei and Andrew Ng and Michael Jordan},
  title={Latent Dirichlet allocation},
  journal={JMLR},
  year={2003},
  volume={3},
  pages={993-1022},
}

@techreport{stanford1989alarm,
  author={Beinlich, I.A. and Suermondt, H.J. and Chavez, R.M. and Cooper, G.F.},
  title={The ALARM monitoring system: a case study with two probabilistic inference techniques for belief networks},
  institution={Stanford University. Computer Science Dept., Knowledge Systems Laboratory},
  year={1989},
  number={KSL-88-84}
}

@inproceedings{choi_cvpr10,
author = {Myung Jin Choi and Joseph J. Lim and Antonio Torralba and Alan S. Willsky},
Booktitle = {IEEE Conference on Computer VIsion and Pattern Recognition (CVPR)},
title = {Exploiting Hierarchical Context on a Large Database of Object Categories},
year = {2010},
url = {http://people.csail.mit.edu/myungjin/HContext.html}
}


@incollection{SonGloJaa_optbook,
 author = {David Sontag and Amir Globerson and Tommi Jaakkola},
 title = {Introduction to Dual Decomposition for Inference},
 booktitle = {Optimization for Machine Learning},
 editor = {Suvrit Sra and Sebastian Nowozin and Stephen J. Wright},
 publisher = {MIT Press},
 year = {2011}
}


@article{YanoverJMLR,
title="Linear Programming Relaxations and Belief Propagation -- An Empirical Study",
author="Chen Yanover and Talya Meltzer and Yair Weiss",
journal="JMLR",
volume=7,
year=2006,
pages="1887--1907"
}

@incollection{AP08,
  author    = "Chen Yanover and Yair Weiss",
  title     = "Approximate Inference and Protein-Folding",
  booktitle = "Advances in Neural Information Processing Systems 15",
  editor    = "S. Becker, S. Thrun and K. Obermayer",
  publisher = "MIT Press",
  address   = "Cambridge, MA",
  pages     = "1457--1464",
  year      = "2003"
}



@inproceedings{SontagEtAl_uai08,
 title  = {Tightening {LP} Relaxations for {MAP} using Message-Passing},
 author = {David Sontag and Talya Meltzer and Amir Globerson and Yair Weiss and Tommi Jaakkola},
 pages     = {503-510},
 booktitle = {24th Conference in Uncertainty in Artificial Intelligence},
 publisher = {AUAI Press},
 year = {2008}
}