@phdthesis{wilson2014covariance,
  title={Covariance kernels for fast automatic pattern discovery and extrapolation with Gaussian processes},
  author={Wilson, Andrew Gordon},
  year={2014},
  school={Citeseer}
}
